@misc{1N4007,
  title = {{{1N4007}}},
  journal = {DigiKey Electronics},
  url = {https://www.digikey.it/en/products/detail/onsemi/1N4007/965162},
  urldate = {2025-05-02},
  abstract = {Order today, ships today. 1N4007 -- Diode 1000 V 1A Through Hole DO-41 from onsemi. Pricing and Availability on millions of electronic components from Digi-Key Electronics.},
  langid = {english},
  file = {C:\Users\aless\Zotero\storage\L2DES6TM\965162.html}
}

@misc{AlarmControlPanel,
  title = {Alarm {{Control Panel Component}}},
  journal = {ESPHome},
  url = {https://esphome.io/components/alarm_control_panel/index.html},
  urldate = {2025-05-02},
  abstract = {Instructions for setting up generic Alarm Control Panels in ESPHome.},
  langid = {english},
  file = {C:\Users\aless\Zotero\storage\Y5DLN6YV\index.html}
}

@misc{assistantHomeAssistant,
  title = {Home {{Assistant}}},
  author = {Assistant, Home},
  journal = {Home Assistant},
  url = {https://www.home-assistant.io/},
  urldate = {2025-04-30},
  abstract = {Open source home automation that puts local control and privacy first. Powered by a worldwide community of tinkerers and DIY enthusiasts. Perfect to run on a Raspberry Pi or a local server.},
  langid = {english},
  file = {C:\Users\aless\Zotero\storage\84UP75G4\www.home-assistant.io.html}
}

@misc{AutodeskFusion3D,
  title = {Autodesk {{Fusion}} {\textbar} {{3D CAD}}, {{CAM}}, {{CAE}}, \& {{PCB Cloud-Based Software}} {\textbar} {{Autodesk}}},
  url = {https://www.autodesk.com/products/fusion-360/overview},
  urldate = {2025-05-02},
  abstract = {Autodesk Fusion, formerly Fusion 360, is a platform for 3D CAD, modeling, manufacturing, industrial design, electronics, and mechanical engineering. Subscribe or download for free.},
  langid = {american},
  file = {C:\Users\aless\Zotero\storage\N6CRMZNQ\overview.html}
}

@misc{ESP32POEFootprintSymbol,
  title = {{{ESP32-POE}} Footprint \& Symbol by {{Olimex}} {\textbar} {{SnapMagic Search}}},
  url = {https://www.snapeda.com/parts/ESP32-POE/Olimex%20LTD/view-part/?ref=search&t=esp32-poe},
  urldate = {2025-05-02},
  file = {C:\Users\aless\Zotero\storage\NCZHKY59\view-part.html}
}

@misc{ESP32WiFiBluetooth,
  title = {{{ESP32 Wi-Fi}} \& {{Bluetooth SoC}} {\textbar} {{Espressif Systems}}},
  url = {https://www.espressif.com/en/products/socs/esp32},
  urldate = {2025-05-02},
  file = {C:\Users\aless\Zotero\storage\55ZRUYBL\esp32.html}
}

@misc{ESPHomeSmartHome,
  title = {{{ESPHome}} - {{Smart Home Made Simple}}},
  journal = {ESPHome},
  url = {https://esphome.io/index.html},
  urldate = {2025-05-02},
  abstract = {ESPHome - Smart Home Made Simple. ESPHome turns ESP32, ESP8266, and RP2040 microcontrollers into fully-featured smart home devices.},
  langid = {english},
  file = {C:\Users\aless\Zotero\storage\YQNGA4JP\esphome.io.html}
}

@misc{faberNielsfaberAlarmo2025,
  title = {Nielsfaber/Alarmo},
  author = {Faber, Niels},
  year = {2025},
  month = may,
  url = {https://github.com/nielsfaber/alarmo},
  urldate = {2025-05-02},
  abstract = {Easy to use alarm system integration for Home Assistant},
  copyright = {Apache-2.0},
  keywords = {alarm,assistant,hass,home,integration,lovelace,security}
}

@misc{G5V1DC5,
  title = {{G5V-1 DC5}},
  journal = {DigiKey Electronics},
  url = {https://www.digikey.it/it/products/detail/omron-electronics-inc-emc-div/G5V-1-DC5/87831},
  urldate = {2025-05-02},
  abstract = {Se ordini oggi, spediamo oggi! G5V-1 DC5 -- Uso generale Rel{\`e} SPDT (1 Form C) Foro passante da Omron Electronics Inc-EMC Div. Prezzi e disponibilit{\`a} di milioni di componenti elettronici su DigiKey.},
  langid = {italian},
  file = {C:\Users\aless\Zotero\storage\7W2I4PVQ\87831.html}
}

@misc{HLKLD242024GhzHumana,
  title = {{{HLK-LD2420 24Ghz}} Human Body Micro Motion Sensing Detection Radar Sensor Module {{HLK-LD2410}} Low Cost solution\_{{24G}} Radar Sensor module\_{{Products}}\_ {{Shenzhen Hi-Link Electronic Co}}., {{Ltd}}.},
  url = {https://www.hlktech.net/index.php?id=1150},
  urldate = {2025-05-02},
  file = {C:\Users\aless\Zotero\storage\PJTCNC2F\index.html}
}

@misc{KiCadEDA,
  title = {{{KiCad EDA}}},
  url = {https://www.kicad.org/},
  urldate = {2025-05-02},
  abstract = {A Cross Platform and Open Source Electronics Design Automation Suite},
  langid = {american},
  file = {C:\Users\aless\Zotero\storage\8PIDMXYU\www.kicad.org.html}
}

@misc{MCP23017,
  title = {{{MCP23017}}},
  url = {https://www.microchip.com/en-us/product/mcp23017},
  urldate = {2025-05-02},
  abstract = {The MCP23017/MCP23S17 (MCP23X17) device family provides 16-bit, general purpose parallel I/O expansion for I2C bus or SPI applications. The two devices differ only in the serial interface: \&bull; MCP23017 \&ndash; I2C interface \&bull; MCP23S17 \&ndash; S ...},
  langid = {american},
  file = {C:\Users\aless\Zotero\storage\Q3CNYW9I\mcp23017.html}
}

@misc{olimexESP32POEOpenSource,
  title = {{{ESP32-POE}} - {{Open Source Hardware Board}}},
  author = {Olimex},
  journal = {Olimex},
  url = {https://www.olimex.com/Products/IoT/ESP32/ESP32-POE/open-source-hardware},
  urldate = {2025-05-02},
  abstract = {ESP32-POE IoT development board with 100Mb Ethernet, Power over Ethernet, WiFi, BLE, programmer},
  langid = {english},
  file = {C:\Users\aless\Zotero\storage\95HG4JKL\open-source-hardware.html}
}

@misc{PCBPrototypePCB,
  title = {{{PCB Prototype}} \& {{PCB Fabrication Manufacturer}} - {{JLCPCB}}},
  url = {https://jlcpcb.com/},
  urldate = {2025-05-02},
  abstract = {Industry-leading PCB prototype manufacturer,offers 24 hours Quick Turn PCB prototype, PCB assembly and Reliable small-batch PCB production.},
  langid = {english},
  file = {C:\Users\aless\Zotero\storage\XS4MBK6F\jlcpcb.com.html}
}

@misc{PN2222ABU,
  title = {{PN2222ABU}},
  journal = {DigiKey Electronics},
  url = {https://www.digikey.it/it/products/detail/onsemi/PN2222ABU/6534},
  urldate = {2025-05-02},
  abstract = {Se ordini oggi, spediamo oggi! PN2222ABU -- Transistor - Bipolari (BJT) - Singoli NPN 40 V 1 A 300MHz 625 mW Foro passante TO-92-3 da onsemi. Prezzi e disponibilit{\`a} di milioni di componenti elettronici su DigiKey.},
  langid = {italian},
  file = {C:\Users\aless\Zotero\storage\5PB4HCBJ\6534.html}
}
